@article{skelton2019predicting,
  title={Predicting manufacturing employee turnover intentions},
  author={Skelton, Angie R and Nattress, Deborah and Dwyer, Rocky J},
  journal={Journal of Economics, Finance and Administrative Science},
  year={2019},
  publisher={Emerald Publishing Limited}
}

@article{narkhede2018understanding,
  title={Understanding auc-roc curve},
  author={Narkhede, Sarang},
  journal={Towards Data Science},
  volume={26},
  number={1},
  pages={220--227},
  year={2018}
}

@article{gorzalczany2016multi,
  title={A multi-objective genetic optimization for fast, fuzzy rule-based credit classification with balanced accuracy and interpretability},
  author={Gorza{\l}czany, Marian B and Rudzi{\'n}ski, Filip},
  journal={Applied Soft Computing},
  volume={40},
  pages={206--220},
  year={2016},
  publisher={Elsevier}
}

