@article{frost2019introduction,
  title={Introduction to Statistics: An Intuitive Guide},
  author={Frost, J},
  journal={Statistics by Jim publishing},
  pages={196--204},
  year={2019}
}

@article{jolliffe2016principal,
  title={Principal component analysis: a review and recent developments},
  author={Jolliffe, Ian T and Cadima, Jorge},
  journal={Philosophical Transactions of the Royal Society A: Mathematical, Physical and Engineering Sciences},
  volume={374},
  number={2065},
  pages={20150202},
  year={2016},
  publisher={The Royal Society Publishing}
}

@book{bruce2020practical,
  title={Practical Statistics for Data Scientists: 50+ Essential Concepts Using R and Python},
  author={Bruce, Peter and Bruce, Andrew and Gedeck, Peter},
  year={2020},
  publisher={O'Reilly Media}
}

@book{james2013introduction,
  title={An introduction to statistical learning},
  author={James, Gareth and Witten, Daniela and Hastie, Trevor and Tibshirani, Robert},
  volume={112},
  year={2013},
  publisher={Springer}
}

@ARTICLE{7835187,
  author={J. {Zhu} and Z. {Ge} and Z. {Song}},
  journal={IEEE Transactions on Industrial Informatics}, 
  title={Distributed Parallel PCA for Modeling and Monitoring of Large-Scale Plant-Wide Processes With Big Data}, 
  year={2017},
  volume={13},
  number={4},
  pages={1877-1885},}
  
  @article{portet2020primer,
  title={A primer on model selection using the Akaike information criterion},
  author={Portet, St{\'e}phanie},
  journal={Infectious Disease Modelling},
  volume={5},
  pages={111--128},
  year={2020},
  publisher={Elsevier}
}

@misc{frost2019regression,
  title={Regression Analysis: An Intuitive Guide},
  author={Frost, J},
  year={2019},
  publisher={E-book}
}