@book{bodie2009investments,
  added-at = {2016-06-20T18:39:07.000+0200},
  address = {Boston},
  author = {Bodie, Zvi and Kane, Alex and Marcus, Alan J.},
  biburl = {https://www.bibsonomy.org/bibtex/273a6eba1b351a3f589914a6cb11d1357/krassi},
  interhash = {a9339f9acd3f37cc308e8c7277143fb1},
  intrahash = {73a6eba1b351a3f589914a6cb11d1357},
  isbn = {9780073382371 007338237X 0077261453 9780077261450 9780071278287 0071278281 9780070151574 0070151571 9780077128425 0077128427 9780071263252 007126325X 9780390668349 0390668346},
  keywords = {investments},
  publisher = {McGraw-Hill/Irwin},
  refid = {213222983},
  timestamp = {2016-06-20T18:39:07.000+0200},
  title = {Investments},
  url = {http://www.worldcat.org/search?qt=worldcat_org_all&q=9780071278287},
  year = 2018
}

