@article{lin2019immigration,
  title={Immigration and the wage distribution in the United States},
  author={Lin, Ken-Hou and Weiss, Inbar},
  journal={Demography},
  volume={56},
  number={6},
  pages={2229--2252},
  year={2019},
  publisher={Duke University Press}
}


@book{amo2020migrant,
  title={The migrant pay gap: Understanding wage differences between migrants and nationals},
  author={Amo-Agyei, Silas and International Labour Office},
  year={2020},
  publisher={International Labour Organisation (ILO)}
}
