@article{stone2011social,
  title={Social work research and endogeneity bias},
  author={Stone, Susan I and Rose, Roderick A},
  journal={Journal of the Society for Social Work and Research},
  volume={2},
  number={2},
  pages={54--75},
  year={2011},
  publisher={University of Chicago Press Chicago, IL}
}


@article{hickey2019statistical,
  title={Statistical primer: checking model assumptions with regression diagnostics},
  author={Hickey, Graeme L and Kontopantelis, Evangelos and Takkenberg, Johanna JM and Beyersdorf, Friedhelm},
  journal={Interactive cardiovascular and thoracic surgery},
  volume={28},
  number={1},
  pages={1--8},
  year={2019},
  publisher={Oxford University Press}
}

@article{guan2021does,
  title={Does sport affect health and well-being or is it the other way around? A note on reverse-causality in empirical applications},
  author={Guan, Jing and Tena, Juan de Dios},
  journal={Journal of Sports Economics},
  volume={22},
  number={2},
  pages={218--226},
  year={2021},
  publisher={SAGE Publications Sage CA: Los Angeles, CA}
}

@article{cui2020personalized,
  title={Personalized recommendation system based on collaborative filtering for IoT scenarios},
  author={Cui, Zhihua and Xu, Xianghua and Fei, XUE and Cai, Xingjuan and Cao, Yang and Zhang, Wensheng and Chen, Jinjun},
  journal={IEEE Transactions on Services Computing},
  volume={13},
  number={4},
  pages={685--695},
  year={2020},
  publisher={IEEE}
}