@article{thomas2019food,
  title={Food insecurity and child health},
  author={Thomas, Margaret and Miller, Daniel P and Morrissey, Taryn W},
  journal={Pediatrics},
  volume={144},
  number={4},
  year={2019},
  publisher={American Academy of Pediatrics}
}

@article{jyoti2005food,
  title={Food insecurity affects school children's academic performance, weight gain, and social skills},
  author={Jyoti, Diana F and Frongillo, Edward A and Jones, Sonya J},
  journal={The Journal of nutrition},
  volume={135},
  number={12},
  pages={2831--2839},
  year={2005},
  publisher={Oxford University Press}
}

@article{ke2015food,
  title={Food insecurity and hunger: A review of the effects on children's health and behaviour},
  author={Ke, Janice and Ford-Jones, Elizabeth Lee},
  journal={Paediatrics \& child health},
  volume={20},
  number={2},
  pages={89--91},
  year={2015},
  publisher={Oxford University Press}
}

@online{USDA:2023,
  title = {Economic Research Service},
  author = {{United States Department of Agriculture}},
  year = {2023},
  url = {https://www.ers.usda.gov/topics/food-nutrition-assistance/food-security-in-the-u-s/},
  note = {Accessed: December 4, 2023},
}

@article{dictionary1989oxford,
  title={Oxford english dictionary},
  author={Dictionary, Oxford English},
  journal={Simpson, Ja \& Weiner, Esc},
  volume={3},
  year={1989}
}




