@Article{Amelia,
  title = {{Amelia II}: A Program for Missing Data},
  author = {James Honaker and Gary King and Matthew Blackwell},
  journal = {Journal of Statistical Software},
  year = {2011},
  volume = {45},
  number = {7},
  pages = {1--47},
  doi = {10.18637/jss.v045.i07},
}
@Manual{artyfarty,
title = {{artyfarty}: Themes for ggplot2},
  author = {Bart Smeets},
  year = {2023},
  note = {R package version 0.0.1},
}
@Manual{base,
title = {{R}: A Language and Environment for Statistical Computing},
  author = {{R Core Team}},
  organization = {R Foundation for Statistical Computing},
  address = {Vienna, Austria},
  year = {2023},
  url = {https://www.R-project.org/},
}
@Manual{correlationfunnel,
title = {{correlationfunnel}: Speed Up Exploratory Data Analysis (EDA) with the Correlation
Funnel},
  author = {Matt Dancho},
  year = {2023},
  note = {R package version 0.2.0},
  url = {https://github.com/business-science/correlationfunnel},
}
@Manual{corrplot2021,
  title = {R package `{corrplot}': Visualization of a Correlation Matrix},
  author = {Taiyun Wei and Viliam Simko},
  year = {2021},
  note = {(Version 0.92)},
  url = {https://github.com/taiyun/corrplot},
}
@Article{countrycode,
title = {{countrycode}: An R package to convert country names and country codes},
  author = {Vincent Arel-Bundock and Nils Enevoldsen and CJ Yetman},
  journal = {Journal of Open Source Software},
  year = {2018},
  volume = {3},
  number = {28},
  pages = {848},
  url = {https://doi.org/10.21105/joss.00848},
}
@Manual{doParallel,
title = {{doParallel}: Foreach Parallel Adaptor for the `{parallel}' Package},
  author = {Microsoft Corporation and Steve Weston},
  year = {2022},
  note = {R package version 1.0.17},
  url = {https://CRAN.R-project.org/package=doParallel},
}
@Manual{ggthemes,
title = {{ggthemes}: Extra Themes, Scales and Geoms for `{ggplot2}'},
  author = {Jeffrey B. Arnold},
  year = {2023},
  note = {R package version 5.0.0},
  url = {https://CRAN.R-project.org/package=ggthemes},
}
@Manual{janitor,
title = {{janitor}: Simple Tools for Examining and Cleaning Dirty Data},
  author = {Sam Firke},
  year = {2023},
  note = {R package version 2.2.0},
  url = {https://CRAN.R-project.org/package=janitor},
}
@Manual{kableExtra,
title = {{kableExtra}: Construct Complex Table with `{kable}' and Pipe Syntax},
  author = {Hao Zhu},
  year = {2023},
  note = {http://haozhu233.github.io/kableExtra/,
https://github.com/haozhu233/kableExtra},
}
@Manual{knitr2023,
title = {{knitr}: A General-Purpose Package for Dynamic Report Generation in R},
  author = {Yihui Xie},
  year = {2023},
  note = {R package version 1.45},
  url = {https://yihui.org/knitr/},
}

@Book{knitr2015,
  title = {Dynamic Documents with {R} and knitr},
  author = {Yihui Xie},
  publisher = {Chapman and Hall/CRC},
  address = {Boca Raton, Florida},
  year = {2015},
  edition = {2nd},
  note = {ISBN 978-1498716963},
  url = {https://yihui.org/knitr/},
}

@InCollection{knitr2014,
  booktitle = {Implementing Reproducible Computational Research},
  editor = {Victoria Stodden and Friedrich Leisch and Roger D. Peng},
title = {{knitr}: A Comprehensive Tool for Reproducible Research in {R}},
  author = {Yihui Xie},
  publisher = {Chapman and Hall/CRC},
  year = {2014},
  note = {ISBN 978-1466561595},
}
@Article{mice,
  title = {{mice}: Multivariate Imputation by Chained Equations in R},
  author = {Stef {van Buuren} and Karin Groothuis-Oudshoorn},
  journal = {Journal of Statistical Software},
  year = {2011},
  volume = {45},
  number = {3},
  pages = {1-67},
  doi = {10.18637/jss.v045.i03},
}
@Article{naniar,
  title = {Expanding Tidy Data Principles to Facilitate Missing Data Exploration, Visualization and Assessment of Imputations},
  author = {Nicholas Tierney and Dianne Cook},
  journal = {Journal of Statistical Software},
  year = {2023},
  volume = {105},
  number = {7},
  pages = {1--31},
  doi = {10.18637/jss.v105.i07},
}
@Manual{pacman,
  title = {{pacman}: {P}ackage Management for {R}},
  author = {Tyler W. Rinker and Dason Kurkiewicz},
  address = {Buffalo, New York},
  note = {version 0.5.0},
  year = {2018},
  url = {http://github.com/trinker/pacman},
}
@Manual{patchwork,
title = {{patchwork}: The Composer of Plots},
  author = {Thomas Lin Pedersen},
  year = {2024},
  note = {R package version 1.2.0},
  url = {https://CRAN.R-project.org/package=patchwork},
}
@Book{plm2018,
  title = {Panel Data Econometrics with {R}},
  author = {Yves Croissant and Giovanni Millo},
  publisher = {Wiley},
  year = {2018},
}

@Article{plm2008,
  title = {Panel Data Econometrics in {R}: The {plm} Package},
  author = {Yves Croissant and Giovanni Millo},
  journal = {Journal of Statistical Software},
  year = {2008},
  volume = {27},
  number = {2},
  pages = {1--43},
  doi = {10.18637/jss.v027.i02},
}

@Article{plm2017,
  title = {Robust Standard Error Estimators for Panel Models: A Unifying Approach},
  author = {Giovanni Millo},
  journal = {Journal of Statistical Software},
  year = {2017},
  volume = {82},
  number = {3},
  pages = {1--27},
  doi = {10.18637/jss.v082.i03},
}
@Manual{remotes,
title = {{remotes}: R Package Installation from Remote Repositories, Including
`{GitHub}'},
  author = {Gábor Csárdi and Jim Hester and Hadley Wickham and Winston Chang and Martin Morgan and Dan Tenenbaum},
  year = {2023},
  note = {R package version 2.4.2.1},
  url = {https://CRAN.R-project.org/package=remotes},
}
@Manual{rmarkdown2023,
title = {{rmarkdown}: Dynamic Documents for R},
  author = {JJ Allaire and Yihui Xie and Christophe Dervieux and Jonathan McPherson and Javier Luraschi and Kevin Ushey and Aron Atkins and Hadley Wickham and Joe Cheng and Winston Chang and Richard Iannone},
  year = {2023},
  note = {R package version 2.25},
  url = {https://github.com/rstudio/rmarkdown},
}

@Book{rmarkdown2018,
  title = {R Markdown: The Definitive Guide},
  author = {Yihui Xie and J.J. Allaire and Garrett Grolemund},
  publisher = {Chapman and Hall/CRC},
  address = {Boca Raton, Florida},
  year = {2018},
  isbn = {9781138359338},
  url = {https://bookdown.org/yihui/rmarkdown},
}

@Book{rmarkdown2020,
  title = {R Markdown Cookbook},
  author = {Yihui Xie and Christophe Dervieux and Emily Riederer},
  publisher = {Chapman and Hall/CRC},
  address = {Boca Raton, Florida},
  year = {2020},
  isbn = {9780367563837},
  url = {https://bookdown.org/yihui/rmarkdown-cookbook},
}
@Manual{skimr,
title = {{skimr}: Compact and Flexible Summaries of Data},
  author = {Elin Waring and Michael Quinn and Amelia McNamara and Eduardo {Arino de la Rubia} and Hao Zhu and Shannon Ellis},
  year = {2022},
  note = {R package version 2.1.5},
  url = {https://CRAN.R-project.org/package=skimr},
}
@Manual{stargazer,
title = {{stargazer}: Well-Formatted Regression and Summary Statistics Tables},
  author = {Marek Hlavac},
  year = {2022},
  note = {R package version 5.2.3},
  organization = {Social Policy Institute},
  address = {Bratislava, Slovakia},
  url = {https://CRAN.R-project.org/package=stargazer},
}
@Manual{wbstats,
title = {{wbstats}: Programmatic Access to the World Bank API},
  author = {Jesse Piburn},
  organization = {Oak Ridge National Laboratory},
  address = {Oak Ridge, Tennessee},
  year = {2020},
  url = {https://doi.org/10.11578/dc.20171025.1827},
}
@Manual{WDI,
title = {{WDI}: World Development Indicators and Other World Bank Data},
  author = {Vincent Arel-Bundock},
  year = {2022},
  note = {R package version 2.7.8},
  url = {https://CRAN.R-project.org/package=WDI},
}
@Article{tidyverse,
  title = {Welcome to the {tidyverse}},
  author = {Hadley Wickham and Mara Averick and Jennifer Bryan and Winston Chang and Lucy D'Agostino McGowan and Romain François and Garrett Grolemund and Alex Hayes and Lionel Henry and Jim Hester and Max Kuhn and Thomas Lin Pedersen and Evan Miller and Stephan Milton Bache and Kirill Müller and Jeroen Ooms and David Robinson and Dana Paige Seidel and Vitalie Spinu and Kohske Takahashi and Davis Vaughan and Claus Wilke and Kara Woo and Hiroaki Yutani},
  year = {2019},
  journal = {Journal of Open Source Software},
  volume = {4},
  number = {43},
  pages = {1686},
  doi = {10.21105/joss.01686},
}
