@article{klapper2015role,
  title={The role of informal financial services in Africa},
  author={Klapper, Leora and Singer, Dorothe},
  journal={Journal of African Economies},
  volume={24},
  number={suppl\_1},
  pages={i12--i31},
  year={2015},
  publisher={Oxford University Press}
}

@article{allen2014african,
  title={The African financial development and financial inclusion gaps},
  author={Allen, Franklin and Carletti, Elena and Cull, Robert and Qian, Jun ‘QJ’ and Senbet, Lemma and Valenzuela, Patricio},
  journal={Journal of African economies},
  volume={23},
  number={5},
  pages={614--642},
  year={2014},
  publisher={Oxford University Press}
}

@Article{plm,
    title = {Robust Standard Error Estimators for Panel Models: A Unifying Approach},
    author = {Giovanni Millo},
    journal = {Journal of Statistical Software},
    year = {2017},
    volume = {82},
    number = {3},
    pages = {1--27},
    doi = {10.18637/jss.v082.i03},
  }
