@Manual{R-base,
  title = {R: A Language and Environment for Statistical Computing},
  author = {{R Core Team}},
  organization = {R Foundation for Statistical Computing},
  address = {Vienna, Austria},
  year = {2021},
  url = {https://www.R-project.org/},
}

@Manual{R-rmarkdown,
  title = {rmarkdown: Dynamic Documents for R},
  author = {JJ Allaire and Yihui Xie and Jonathan McPherson and Javier Luraschi and Kevin Ushey and Aron Atkins and Hadley Wickham and Joe Cheng and Winston Chang and Richard Iannone},
  year = {2021},
  note = {https://github.com/rstudio/rmarkdown,
https://pkgs.rstudio.com/rmarkdown/},
}

@Book{rmarkdown2018,
  title = {R Markdown: The Definitive Guide},
  author = {Yihui Xie and J.J. Allaire and Garrett Grolemund},
  publisher = {Chapman and Hall/CRC},
  address = {Boca Raton, Florida},
  year = {2018},
  note = {ISBN 9781138359338},
  url = {https://bookdown.org/yihui/rmarkdown},
}

@Book{rmarkdown2020,
  title = {R Markdown Cookbook},
  author = {Yihui Xie and Christophe Dervieux and Emily Riederer},
  publisher = {Chapman and Hall/CRC},
  address = {Boca Raton, Florida},
  year = {2020},
  note = {ISBN 9780367563837},
  url = {https://bookdown.org/yihui/rmarkdown-cookbook},
}

@Manual{rvest2020,
    title = {rvest: Easily Harvest (Scrape) Web Pages},
    author = {Hadley Wickham},
    year = {2021},
    note = {R package version 1.0.0},
    url = {https://CRAN.R-project.org/package=rvest},
  }
  
@Article{tidyverse,
    title = {Welcome to the {tidyverse}},
    author = {Hadley Wickham and Mara Averick and Jennifer Bryan and Winston Chang and Lucy D'Agostino McGowan and Romain François and Garrett Grolemund and Alex Hayes and Lionel Henry and Jim Hester and Max Kuhn and Thomas Lin Pedersen and Evan Miller and Stephan Milton Bache and Kirill Müller and Jeroen Ooms and David Robinson and Dana Paige Seidel and Vitalie Spinu and Kohske Takahashi and Davis Vaughan and Claus Wilke and Kara Woo and Hiroaki Yutani},
    year = {2019},
    journal = {Journal of Open Source Software},
    volume = {4},
    number = {43},
    pages = {1686},
    doi = {10.21105/joss.01686},
  }
  
@book{ramasubramanian2017machine,
  title={Machine learning using R},
  author={Ramasubramanian, Karthik and Singh, Abhishek},
  number={1},
  year={2017},
  publisher={Springer}
}

@article{bradley2019web,
  title={Web scraping using R},
  author={Bradley, Alex and James, Richard JE},
  journal={Advances in Methods and Practices in Psychological Science},
  volume={2},
  number={3},
  pages={264--270},
  year={2019},
  publisher={SAGE Publications Sage CA: Los Angeles, CA}
}

@article{krotov2018legality,
  title={Legality and ethics of web scraping},
  author={Krotov, Vlad and Silva, Leiser},
  year={2018}
}

@book{mailund2017beginning,
  title={Beginning Data Science in R},
  author={Mailund, Thomas},
  year={2017},
  publisher={Springer}
}

@book{michaud2013foundations,
  title={Foundations of Web Design: Introduction to HTML \& CSS},
  author={Michaud, Thomas},
  year={2013},
  publisher={New Riders}
}

@book{macaulay2017introduction,
  title={Introduction to web interaction design: With HTML and CSS},
  author={Macaulay, Michael},
  year={2017},
  publisher={Chapman and Hall/CRC}
}

