@book{Bodie:2020,
   TITLE      = {Investments},
   AUTHOR     = {Bodie, Zvi
               AND Kane, Alex
               AND Marcus, Alan J.},
   ADDRESS       = {Boston},
   PUBLISHER  = {McGraw-Hill-Irwin},
   YEAR       = {2020}
}
@article{Perold:2004,
   TITLE      = {The capital asset pricing model},
   AUTHOR     = {Perold, Andr{\'e} F},
   JOURNAL    = {Journal of Economic Perspectives},
   VOLUME     = {18},
   NUMBER     = {3},
   PAGES      = {3--24},
   YEAR       = {2004}
}
@incollection{Dumas:1996,
   TITLE      = {Critique and evaluation of the CAPM},
   AUTHOR     = {Dumas, Bernard AND Allaz, Blaise},
   BOOKTITLE  = {Financial Securities},
   PAGES      = {113--149},
   YEAR       = {1996},
   PUBLISHER  = {Springer}
}
@article{Simmet:2020,
   TITLE      = {The CAPM with Measurement Error:‘There’s life in the old dog yet!’},
   AUTHOR     = {Simmet, Anastasia AND Pohlmeier, Winfried},
   JOURNAL    = {Jahrb{\"u}cher f{\"u}r National{\"o}konomie und Statistik},
   VOLUME     = {240},
   NUMBER     = {4},
   PAGES      = {417--453},
   YEAR       = {2020},
   PUBLISHER  = {De Gruyter Oldenbourg}
}
@article{Roll:1980,
   TITLE      = {An empirical investigation of the arbitrage pricing theory},
   AUTHOR     = {Roll, Richard AND Ross, Stephen A},
   JOURNAL    = {The Journal of Finance},
   VOLUME     = {35},
   NUMBER     = {5},
   PAGES      = {1073--1103},
   YEAR       = {1980},
   PUBLISHER  = {Wiley Online Library}
}
@article{Huberman:1982,
   TITLE      = {A simple approach to arbitrage pricing theory},
   AUTHOR     = {Huberman, Gur},
   JOURNAL    = {Journal of Economic Theory},
   VOLUME     = {28},
   NUMBER     = {1},
   PAGES      = {183--191},
   YEAR       = {1982},
   PUBLISHER  = {Elsevier}
}

@Manual{R,
    title = {R: A Language and Environment for Statistical Computing},
    author = {{R Core Team}},
    organization = {R Foundation for Statistical Computing},
    address = {Vienna, Austria},
    year = {2022},
    url = {https://www.R-project.org/},
  }

@Manual{Dancho:2022,
   TITLE      = {tidyquant: Tidy Quantitative Financial Analysis},
   AUTHOR     = {Dancho, Matt AND Vaughan, Davis},
   YEAR       = {2022},
   NOTE       = {R package version 1.0.5},
   URL        = {https://CRAN.R-project.org/package=tidyquant},
  }

  @article{Dirkx:2020,
   TITLE      = {The Fama-French five-factor model plus momentum: Evidence for the German market},
   AUTHOR     = {Dirkx, Philipp AND Peter, Franziska J},
   JOURNAL    = {Schmalenbach Business Review},
   VOLUME     = {72},
   NUMBER     = {4},
   PAGES      = {661--684},
   YEAR       = {2020},
   PUBLISHER  = {Springer}
}

@article{Mosoeu:2020,
   TITLE      = {The Fama-French five-factor model and emerging market equity returns},
   AUTHOR     = {Mosoeu, Selebogo AND Kodongo, Odongo},
   JOURNAL    = {The Quarterly Review of Economics and Finance},
   YEAR       = {2020},
   PUBLISHER  = {Elsevier}
}
