@article{pierce2016surprisingly,
  title={The surprisingly swift decline of US manufacturing employment},
  author={Pierce, Justin R and Schott, Peter K},
  journal={American Economic Review},
  volume={106},
  number={7},
  pages={1632--1662},
  year={2016},
  publisher={American Economic Association 2014 Broadway, Suite 305, Nashville, TN 37203}
}

@article{baily2014us,
  title={US manufacturing: Understanding its past and its potential future},
  author={Baily, Martin Neil and Bosworth, Barry P},
  journal={Journal of Economic Perspectives},
  volume={28},
  number={1},
  pages={3--26},
  year={2014},
  publisher={American Economic Association 2014 Broadway, Suite 305, Nashville, TN 37203-2418}
}


@article{hombert2018can,
  title={Can innovation help US manufacturing firms escape import competition from China?},
  author={Hombert, Johan and Matray, Adrien},
  journal={The Journal of Finance},
  volume={73},
  number={5},
  pages={2003--2039},
  year={2018},
  publisher={Wiley Online Library}
}

@article{li2021trade,
  title={Trade protectionism and US manufacturing employment},
  author={Li, Chunding and Whalley, John},
  journal={Economic Modelling},
  volume={96},
  pages={353--361},
  year={2021},
  publisher={Elsevier}
}

@book{wooldridge2016introductory,
  title={Introductory econometrics: Asia pacific edition with online study tools 12 months},
  author={Wooldridge, Jeffrey M and Wadud, Mokhtarul and Lye, Jenny},
  year={2016},
  publisher={Cengage AU}
}




