@misc{top2000companies,
    title = {Top 2000 Companies Globally},
    author = {{Kagle}},
    howpublished = {\url{https://www.kaggle.com/datasets/joebeachcapital/top-2000-companies-globally}},
    note = {Accessed: June 8, 2023},
    year = {2023}
}

@book{vanderplas2016python,
  title={Python data science handbook: Essential tools for working with data},
  author={VanderPlas, Jake},
  year={2016},
  publisher={" O'Reilly Media, Inc."}
}
@book{borjigin2023,
	title = {Python Data Science},
	author = {Borjigin, Chaolemen},
	year = {2023},
	date = {2023},
	publisher = {Springer Nature Singapore},
	doi = {10.1007/978-981-19-7702-2},
	url = {http://dx.doi.org/10.1007/978-981-19-7702-2}
}
