@article{fruh2017obesity,
  title={Obesity: Risk factors, complications, and strategies for sustainable long-term weight management},
  author={Fruh, Sharon M},
  journal={Journal of the American Association of Nurse Practitioners},
  volume={29},
  number={S1},
  pages={S3--S14},
  year={2017},
  publisher={Wiley Online Library}
}

@article{malik2013global,
  title={Global obesity: trends, risk factors and policy implications},
  author={Malik, Vasanti S and Willett, Walter C and Hu, Frank B},
  journal={Nature Reviews Endocrinology},
  volume={9},
  number={1},
  pages={13--27},
  year={2013},
  publisher={Nature Publishing Group}
}

@article{lopez2007neighborhood,
  title={Neighborhood risk factors for obesity},
  author={Lopez, Russ P},
  journal={Obesity},
  volume={15},
  number={8},
  pages={2111--2119},
  year={2007},
  publisher={Wiley Online Library}
}

@article{shah2021association,
  title={Association of Obesity with Cardiovascular Risk Factors and Kidney Disease Outcomes in Primary Proteinuric Glomerulopathies},
  author={Shah, Paras P and Brady, Tammy M and Meyers, Kevin EC and Oâ€™Shaughnessy, Michelle M and Gibson, Keisha L and Srivastava, Tarak and Zee, Jarcy and Cattran, Daniel and Tuttle, Katherine R and Gadegbeku, Crystal and others},
  journal={Nephron},
  volume={145},
  number={3},
  pages={245--255},
  year={2021},
  publisher={Karger Publishers}
}