@article{mandrekar2010receiver,
  title={Receiver operating characteristic curve in diagnostic test assessment},
  author={Mandrekar, Jayawant N},
  journal={Journal of Thoracic Oncology},
  volume={5},
  number={9},
  pages={1315--1316},
  year={2010},
  publisher={Elsevier}
}