@book{kruschke2014doing,
  title={Doing Bayesian data analysis: A tutorial with R, JAGS, and Stan},
  author={Kruschke, John},
  year={2014},
  publisher={Academic Press}
}


@article{mcknight2010mann,
  title={Mann-Whitney U Test},
  author={McKnight, Patrick E and Najab, Julius},
  journal={The Corsini encyclopedia of psychology},
  pages={1--1},
  year={2010},
  publisher={Wiley Online Library}
}

@article{moser1992homogeneity,
  title={Homogeneity of variance in the two-sample means test},
  author={Moser, Barry K and Stevens, Gary R},
  journal={The American Statistician},
  volume={46},
  number={1},
  pages={19--21},
  year={1992},
  publisher={Taylor \& Francis}
}

@article{razali2011power,
  title={Power comparisons of shapiro-wilk, kolmogorov-smirnov, lilliefors and anderson-darling tests},
  author={Razali, Nornadiah Mohd and Wah, Yap Bee and others},
  journal={Journal of statistical modeling and analytics},
  volume={2},
  number={1},
  pages={21--33},
  year={2011}
}



