@book{mckinney2022python,
  title={Python for data analysis},
  author={McKinney, Wes},
  year={2022},
  address={New York},
  publisher={" O'Reilly Media, Inc."}
}

@book{petrelli2021introduction,
  title={Introduction to Python in Earth Science Data Analysis: From Descriptive Statistics to Machine Learning},
  author={Petrelli, Maurizio},
  year={2021},
  address={Boston},
  publisher={Springer Nature}
}

@book{van1995python,
  title={Python reference manual},
  author={Van Rossum, Guido and Drake Jr, Fred L},
  year={1995},
  publisher={Centrum voor Wiskunde en Informatica Amsterdam}
}

@software{reback2020pandas,
    author       = {The pandas development team},
    title        = {pandas-dev/pandas: Pandas},
    month        = feb,
    year         = 2020,
    publisher    = {Zenodo},
    version      = {latest},
    doi          = {10.5281/zenodo.3509134},
    url          = {https://doi.org/10.5281/zenodo.3509134}
}


@Article{Hunter2007,
  Author    = {Hunter, J. D.},
  Title     = {Matplotlib: A 2D graphics environment},
  Journal   = {Computing in Science \& Engineering},
  Volume    = {9},
  Number    = {3},
  Pages     = {90--95},
  abstract  = {Matplotlib is a 2D graphics package used for Python for
  application development, interactive scripting, and publication-quality
  image generation across user interfaces and operating systems.},
  publisher = {IEEE COMPUTER SOC},
  doi       = {10.1109/MCSE.2007.55},
  year      = 2007
}

@article{Waskom2021,
    doi = {10.21105/joss.03021},
    url = {https://doi.org/10.21105/joss.03021},
    year = {2021},
    publisher = {The Open Journal},
    volume = {6},
    number = {60},
    pages = {3021},
    author = {Michael L. Waskom},
    title = {seaborn: statistical data visualization},
    journal = {Journal of Open Source Software}
 }


