@misc{DataCampSVMR,
  author = {DataCamp},
  year={2020},
  title = {Support Vector Machines in R - Tutorial},
  year = {n.d.},
  howpublished = {\url{https://www.datacamp.com/tutorial/support-vector-machines-r}},
  note = {Accessed: April 14, 2023}
}

@book{Muller2016,
  author = {Muller, Andreas C. and Guido, Sarah},
  title = {Introduction to Machine Learning with Python},
  publisher = {O'Reilly Media},
  year = {2016},
  isbn = {9781491962299},
  url = {https://www.oreilly.com/library/view/introduction-to-machine/9781491976432/},
}

@misc{EdurekaNaiveBayesR,
  author = {Edureka},
  title = {Naive Bayes Algorithm in R: A Comprehensive Tutorial},
  year = {2019},
  howpublished = {\url{https://www.edureka.co/blog/naive-bayes-in-r/}},
  note = {Accessed: April 14, 2023}
}