@article{berenguer2021heteroscedasticity,
  title={Heteroscedasticity testing after outlier removal},
  author={Berenguer-Rico, Vanessa and Wilms, Ines},
  journal={Econometric Reviews},
  volume={40},
  number={1},
  pages={51--85},
  year={2021},
  publisher={Taylor \& Francis}
}

@article{li2012linear,
  title={Are linear regression techniques appropriate for analysis when the dependent (outcome) variable is not normally distributed?},
  author={Li, Xiang and Wong, Wanling and Lamoureux, Ecosse L and Wong, Tien Y},
  journal={Investigative ophthalmology \& visual science},
  volume={53},
  number={6},
  pages={3082--3083},
  year={2012},
  publisher={The Association for Research in Vision and Ophthalmology}
}