@article{xu2017differences,
  title={The differences and similarities between two-sample t-test and paired t-test},
  author={Xu, Manfei and Fralick, Drew and Zheng, Julia Z and Wang, Bokai and Changyong, FENG and others},
  journal={Shanghai archives of psychiatry},
  volume={29},
  number={3},
  pages={184},
  year={2017},
  publisher={Shanghai Mental Health Center}
}


@book{draper1998applied,
  title={Applied regression analysis},
  author={Draper, Norman R and Smith, Harry},
  volume={326},
  year={1998},
  publisher={John Wiley \& Sons}
}