@article{ashraf2019catastrophic,
  title={Catastrophic factors involved in road accidents: Underlying causes and descriptive analysis},
  author={Ashraf, Imran and Hur, Soojung and Shafiq, Muhammad and Park, Yongwan},
  journal={PLoS one},
  volume={14},
  number={10},
  pages={e0223473},
  year={2019},
  publisher={Public Library of Science San Francisco, CA USA}
}


@article{rolison2018factors,
  title={What are the factors that contribute to road accidents? An assessment of law enforcement views, ordinary driversâ€™ opinions, and road accident records},
  author={Rolison, Jonathan J and Regev, Shirley and Moutari, Salissou and Feeney, Aidan},
  journal={Accident Analysis \& Prevention},
  volume={115},
  pages={11--24},
  year={2018},
  publisher={Elsevier}
}

@article{jacobs1983road,
  title={Road accidents in developing countries},
  author={Jacobs, GD and Sayer, I},
  journal={Accident Analysis \& Prevention},
  volume={15},
  number={5},
  pages={337--353},
  year={1983},
  publisher={Elsevier}
}