
@book{trucco2015,
	title = {Financial Accounting},
	author = {Trucco, Sara},
	year = {2015},
	date = {2015},
	publisher = {Springer International Publishing},
	doi = {10.1007/978-3-319-18723-5},
	url = {http://dx.doi.org/10.1007/978-3-319-18723-5}
}

@book{inv_2022,
  author    = {Bodie, Zvi and Kane, Alex and Marcus, Alan},
  title     = {Investments},
  publisher = {McGraw-Hill},
  year      = {2022},
  edition   = {12th Edition},
  isbn      = {9781266837319}
}


@book{subramanyam2014financial,
  title={Financial statement analysis},
  author={Subramanyam, KR},
  year={2014},
  publisher={Kh{\^o}ng nh{\`a} xuất bản}
}

